@book{bib:lamport1994,
    title={LATEX: a document preparation system: user's guide and reference manual},
    author={Lamport, Leslie},
    year={1994},
    publisher={Addison-Wesley}
}

@article{bib:tan2004,
    title={Selecting the right objective measure for association analysis},
    author={Tan, Pang-Ning and Kumar, Vipin and Srivastava, Jaideep},
    journal={Information Systems},
    volume={29},
    number={4},
    pages={293--313},
    year={2004},
    publisher={Elsevier}
}

@misc{bib:grantagreement2019,
	title={{ERIGrid 2.0 Grant Agreement}},
	publisher={European Commission},
	year={2019},
}

@misc{bib:consortiumagreement2020,
	title={{ERIGrid 2.0 Consortium Agreement}},
	publisher={ERIGrid 2.0 Consortium},
	year={2020},
}